3809 5650
890 686 906 747 3

382 835 500 920 impius
524 841 557 898 et
582 833 674 902 miles
698 831 880 902 metuentia
903 831 1083 898 comminus
1107 840 1194 897 aetra

381 944 552 1022 prouocat:
576 935 713 1002 infestus
735 943 865 1002 cunctos
888 935 929 998 ad
951 934 1072 1019 proelia
1094 934 1185 999 diuos

380 1047 533 1124 prouocat
555 1037 757 1122 admotisque
779 1038 956 1104 trementia
977 1038 1083 1104 sidera
1103 1038 1213 1123 signis.

381 1142 529 1227 Iuppiter
551 1163 592 1204 en
613 1141 700 1208 caelo
723 1140 841 1206 metuit
864 1139 1076 1223 dextramque
1098 1162 1262 1205 coruscam

381 1251 523 1307 armatus
544 1242 676 1306 flamma
697 1246 844 1304 remouet
866 1239 1004 1323 caligine
1026 1238 1193 1305 mundum.

379 1345 544 1422 incursant
565 1348 657 1414 uasto
678 1342 821 1424 primum
845 1340 983 1412 clamore
1004 1340 1162 1424 gigantes.

378 1447 454 1510 hinc
476 1467 593 1530 magno
614 1451 708 1508 tonat
731 1465 784 1508 ore
807 1449 907 1526 pater,
933 1441 1167 1526 geminantque
1190 1440 1337 1507 fauentes

379 1548 522 1632 undique
545 1546 699 1612 discordei
721 1546 863 1610 sonitum
885 1545 983 1609 simul
1005 1545 1134 1629 agmine
1155 1543 1258 1610 uenti.

379 1651 478 1714 densa
499 1672 558 1735 per
580 1650 735 1715 attonitas
749 1643 956 1734 ‘rumpuntur
979 1649 1117 1717 fulmina
1140 1648 1261 1726 nubes3

378 1762 476 1838 atque
499 1754 535 1817 in
557 1753 745 1819 bellandum
769 1775 852 1836 quae
876 1752 992 1835 cuique
1017 1751 1166 1835 potentia
1191 1749 1306 1814 diuum

378 1859 412 1922 in
436 1881 605 1924 commune
629 1860 740 1925 uenit:
764 1859 830 1925 iam
854 1858 939 1943 patri
963 1858 1098 1926 dextera
1121 1856 1227 1920 Pallae

379 1971 412 2028 et
436 1963 522 2026 Mars
546 1985 678 2030 scaeuus
704 1971 781 2039 erat,
806 1964 871 2028 iam
896 1970 1003 2026 cetera
1022 1960 1123 2024 ‘turbe
1144 1959 1278 2022 deorum

378 2073 465 2128 stant
488 2067 664 2150 utrimque.
688 2065 819 2148 †deus†
841 2065 967 2132 ualidos
991 2074 1063 2129 tum
1087 2062 1236 2147 Iuppiter
1258 2060 1342 2145 ignis

377 2163 522 2249 increpat
546 2173 579 2229 et
602 2166 707 2230 uictor
729 2167 898 2251 proturbat
921 2165 1058 2231 fulmine
1081 2172 1218 2230 montes.

377 2265 464 2329 illinc
488 2267 642 2332 deuectae
666 2275 834 2332 uerterunt
857 2275 949 2350 terga
972 2267 1086 2331 ruinae

377 2368 513 2434 infestae
536 2370 622 2436 diuis
645 2370 738 2446 auiae,
762 2379 861 2454 atque
885 2371 1005 2454 impius
1027 2369 1130 2437 hostis

376 2491 526 2554 praeceps
546 2493 619 2535 cum
643 2471 754 2536 caetris
777 2471 884 2554 agitur
906 2481 1075 2556 materque
1099 2468 1233 2534 iacentia

375 2570 544 2655 impellens
567 2573 676 2638 uictae
701 2581 773 2660 tum
796 2594 860 2656 pax
884 2582 933 2637 est
956 2570 1083 2636 reddita
1103 2570 1233 2646 munde,

375 2681 447 2736 tum
471 2673 553 2737 liber
575 2682 696 2741 cessat:
724 2674 816 2738 uenit
839 2695 898 2758 per
921 2674 1046 2738 sidera:
1071 2674 1198 2736 caelum

375 2774 562 2861 defensique
586 2777 681 2841 decus
705 2775 820 2846 mundi
842 2797 930 2839 nunc
954 2774 1100 2841 redditur
1124 2773 1228 2838 astris.

372 2878 500 2962 gurgite
524 2878 686 2945 Trinacrio
709 2878 903 2943 morientem
926 2877 1076 2962 Iuppiter
1099 2876 1212 2941 Aetna

374 2979 482 3043 obruit
505 2980 696 3057 Enceladon,
723 2989 815 3045 uasto
839 2982 895 3066 qui
918 2982 1060 3065 pondere
1084 2979 1204 3044 montis

374 3088 502 3146 aestuat
525 3090 558 3146 et
581 3084 731 3166 petulans
756 3083 881 3167 expirat
905 3081 1051 3149 faucibus
1075 3082 1193 3165 ignem.

460 3186 539 3249 haec
563 3194 612 3250 est
635 3185 807 3251 mendosae
831 3185 966 3269 uulgata
989 3184 1120 3249 licentia
1142 3184 1255 3245 famae.

374 3286 504 3350 uatibus
526 3286 694 3371 ingenium
718 3295 784 3353 est:
809 3286 885 3353 hinc
908 3285 1001 3349 audit
1024 3284 1131 3349 nobile
1155 3304 1304 3347 carmen:

372 3389 512 3480 plurima
533 3412 607 3473 pars
630 3412 743 3455 scenae
767 3412 882 3453 uerum
907 3396 958 3457 est
980 3388 1124 3454 fallacia:
1149 3395 1242 3454 uates

373 3491 548 3555 subternis
572 3493 679 3577 nigros
703 3492 856 3557 uiderunt
879 3491 1022 3556 carmine
1044 3511 1158 3553 manes

374 3602 471 3678 atque
488 3593 580 3683 'inter
605 3596 737 3675 cineres,
762 3594 849 3659 Ditis
872 3592 1030 3678 pallentia
1052 3612 1152 3673 regna

372 3696 502 3760 mentiti
526 3704 618 3763 uates
641 3697 980 3783 Stygiae-undasque:
1004 3698 1157 3758 canentes

282 3938 372 3986 puna.
416 3926 447 3974 52
464 3924 658 3988 infortunata*
659 3964 665 3977 .
700 3928 872 3992 infensusge.
906 3927 938 3975 63
950 3923 1088 3973 trementia
1099 3924 1154 3971 Ed.
1182 3919 1259 3971 tertia
1270 3937 1297 3969 u.
1324 3914 1486 3979 que-cignis

282 4016 323 4049 om
333 4018 361 4049 ω.
428 4001 460 4051 54
476 4016 509 4051 en
519 4006 577 4052 Ed.
611 4019 687 4055 eae.
721 4002 1015 4066 dextramqueudldua.
1049 3999 1187 4062 dextraque
1198 4015 1226 4046 u.
1296 3995 1327 4044 55
1344 3994 1485 4043 flammae.

281 4076 416 4125 flammam
427 4095 455 4126 ω.
537 4079 568 4130 57
585 4080 787 4143 HincSculiyer.
821 4080 934 4129 Hicue.
1018 4077 1050 4125 58
1067 4074 1259 4125 discordeiEd.
1292 4069 1482 4119 discordasse.

281 4151 398 4201 mltum
408 4154 562 4215 Jw⁰b⁶⁰⁷ll2
596 4155 783 4207 comitumue.
811 4156 863 4204 ·59
881 4149 990 4202 flumina
1001 4168 1027 4201 α.
1078 4143 1485 4211 60thueimomreatofuu.

279 4228 487 4290 Atqneinarma
497 4230 550 4281 ruit
562 4246 727 4293 quaecunque
740 4231 765 4282 θ’
766 4267 772 4281 .
801 4230 1021 4290 bellanduquu.
1053 4226 1285 4287 potintinapm.
1351 4217 1382 4266 61
1399 4218 1487 4264 omall

280 4315 367 4371 except
377 4326 402 4358 u.
437 4310 468 4358 62
485 4324 623 4360 scaeuuse.
657 4324 813 4361 saeuusae.
846 4310 984 4356 caeterae.
1068 4304 1099 4353 63
1117 4302 1179 4350 deus
1189 4298 1352 4347 nalidouuo.
1385 4293 1484 4342 metus:

279 4384 381 4435 ualidos
393 4384 420 4434 ς’
419 4419 426 4435 .
477 4386 508 4435 64
524 4387 660 4453 ηἰοτοτγε.
695 4388 800 4444 niutau,
815 4382 918 4446 tuam.
953 4377 1162 4429 uinctoutcorr.
1195 4373 1261 4422 iacto
1273 4372 1305 4421 ς.
1339 4369 1484 4420 fluminea.

280 4464 311 4513 65
325 4460 584 4525 deuectaeitprm.
597 4463 629 4514 ς.
666 4463 858 4524 deuictaeaye.
923 4459 954 4507 66
971 4456 1085 4504 Infestae
1096 4470 1124 4500 ω.
1151 4450 1296 4497 Inlerteu.
1357 4449 1392 4498 67
1409 4447 1485 4495 Prae·

278 4538 360 4617 ceptis
372 4556 397 4589 a.
482 4540 512 4589 69
529 4541 650 4589 cessata.
684 4552 777 4588 cessae
789 4551 873 4598 pum.
908 4546 981 4599 cessa
991 4545 1016 4593 γ.
1051 4528 1119 4576 cehe
1130 4544 1158 4575 a.
1191 4525 1339 4573 celumuu.
1373 4523 1438 4573 caeli
1449 4521 1483 4571 ἒ.

279 4633 311 4683 71
329 4629 469 4680 Gmciteu.
531 4630 628 4681 aethna
639 4628 665 4680 ui
796 4630 826 4679 72
844 4622 994 4675 enceladum
1005 4637 1032 4685 ῳ.
1098 4620 1173 4668 uasto
1185 4618 1229 4680 qui
1240 4636 1268 4667 a.
1333 4619 1439 4677 uastoq:
1457 4632 1482 4665 a.

278 4706 526 4771 uastiquoquetf.
616 4709 647 4760 73
664 4705 785 4768 petulans
795 4721 822 4751 ω.
855 4697 1048 4762 petulainseu.
1081 4696 1178 4760 patulis
1188 4697 1279 4747 Arda.
1331 4694 1378 4754 ,76
1393 4705 1484 4742 uerum

1316 4790 1398 4850 1-2
