3809 5650
1008 688 1030 749 6

503 863 601 942 atque
622 853 721 918 oculis
742 851 880 916 haesura
901 849 968 913 tuis
990 847 1081 912 dabit
1106 843 1217 911 ordine
1239 845 1357 909 tellus:

502 961 664 1023 inmensos
686 958 876 1042 plerumque
900 955 989 1017 sinus
1013 959 1046 1016 et
1068 952 1180 1036 iugera
1202 969 1333 1035 pessum

503 1061 683 1144 intercepta
703 1058 780 1121 licet
799 1056 982 1138 densaeque
1004 1051 1191 1136 abscondita
1211 1051 1299 1115 nocti

503 1169 724 1248 prospectare:
746 1157 857 1245 procul
879 1158 975 1223 chaos
995 1179 1032 1222 ac
1052 1155 1122 1220 sine
1140 1155 1206 1219 fine
1226 1152 1360 1218 nrineat.

502 1265 605 1329 cernis
628 1273 661 1328 et
683 1264 718 1327 in
739 1263 829 1326 siluis
852 1261 993 1346 spatiosa
1014 1257 1134 1322 cubilia
1154 1265 1242 1320 retro

505 1375 663 1450 antraque
687 1364 849 1428 demersas
872 1361 1004 1446 penitus
1029 1361 1147 1450 fodisse
1170 1359 1318 1422 latebras.

503 1471 701 1554 incomperta
724 1467 780 1532 uie
802 1473 851 1530 est
875 1487 1028 1550 operum:
1054 1471 1185 1527 tantum
1210 1459 1314 1526 effluit
1336 1460 1423 1523 intra

504 1678 695 1757 argumenta
716 1667 841 1732 dabunt
863 1666 967 1752 ignoti
989 1687 1068 1730 uera
1088 1663 1247 1751 profundi

505 1784 542 1839 tu
566 1773 661 1837 modo
685 1769 819 1835 subtiles
842 1769 952 1834 auimo
976 1768 1057 1833 duce
1081 1767 1210 1854 percipe
1235 1785 1328 1831 ouras

506 1877 727 1960 occultamque
749 1873 848 1939 fidem
871 1871 1052 1938 manifestis
1076 1871 1227 1936 abstrahe
1250 1871 1353 1934 rebus.

506 2001 582 2041 nam
605 1999 668 2062 quo
692 1977 822 2041 liberior
844 1997 973 2060 quoque
998 1982 1047 2039 est
1070 1973 1243 2037 animosior
1265 1971 1349 2054 ignis

505 2102 630 2164 semper
651 2081 686 2143 in
709 2079 839 2158 incluso,
863 2101 923 2143 nec
946 2078 1054 2143 uentis
1078 2077 1207 2161 segnior
1227 2074 1277 2138 ira
1299 2081 1349 2136 est

506 2181 566 2244 sub
588 2189 675 2244 terra
695 2179 889 2266 penitusque
913 2187 1048 2244 mouent
1068 2177 1126 2242 hic
1149 2177 1251 2263 plura,
1276 2195 1406 2238 necesse
1429 2181 1479 2237 est

504 2282 612 2346 uincla
634 2283 737 2367 magis
761 2283 896 2358 soluant,
921 2281 1024 2366 magis
1047 2279 1107 2344 hoc
1132 2280 1294 2344 obstantia
1317 2277 1448 2363 pellant.

506 2407 565 2448 nec
588 2393 698 2449 tamen
721 2386 756 2448 in
779 2385 898 2470 rigidos
922 2386 990 2449 exit
1013 2394 1166 2449 contenta
1189 2383 1315 2446 canales

506 2487 557 2550 uis
580 2489 707 2553 animae
728 2489 940 2553 flammaeue:
967 2490 1034 2553 ruit
1059 2511 1124 2574 qua
1146 2487 1293 2572 proxima
1316 2482 1435 2547 cedunt

507 2593 738 2679 obliquumque
761 2602 847 2658 secat
870 2617 935 2680 qua
959 2592 1031 2658 uisa
1052 2594 1227 2658 tenerrima
1249 2612 1354 2654 massa
1381 2594 1438 2652 est.

507 2696 583 2761 hinc
606 2704 710 2764 terrae
733 2708 862 2776 tremor,
887 2699 964 2763 hinc
987 2704 1105 2774 motus,
1129 2696 1187 2760 ubi
1211 2695 1328 2758 densus
1351 2691 1479 2754 hiantes

507 2800 637 2884 spiritus
662 2803 803 2887 exagitat
827 2825 927 2867 uenas
950 2802 1169 2884 cessantiaque
1193 2805 1297 2883 urget.

509 2902 594 2981 quod
616 2904 644 2965 si
665 2905 766 2987 spissa
787 2905 877 2979 foret,
901 2903 1001 2967 solido
1023 2903 1050 2966 si
1072 2908 1172 2966 staret
1194 2901 1229 2963 in
1251 2899 1347 2974 omni,

508 3003 598 3065 nulla
619 3004 710 3070 daret
731 3006 878 3069 miranda
900 3007 951 3069 sui
973 3006 1157 3089 spectacula
1180 3002 1284 3079 tellus

508 3103 662 3190 pigraque
687 3114 719 3172 et
742 3108 777 3171 in
800 3108 926 3193 pondus
951 3108 1094 3173 conferta
1119 3106 1292 3171 immobilis
1316 3111 1410 3169 esset.

595 3209 651 3272 sed
675 3212 810 3275 summis
834 3213 862 3275 si
884 3212 966 3277 forte
990 3220 1085 3297 putas
1108 3230 1307 3275 concrescere
1330 3204 1433 3271 causis

487 3317 637 3374 tantum
660 3334 740 3397 opus
762 3323 795 3378 et
818 3316 932 3380 subitis
954 3317 1146 3380 alimffltum
1169 3314 1301 3390 uiribus
1326 3332 1381 3374 ora

509 3411 594 3496 quod
616 3413 729 3497 patula
750 3413 785 3477 in
806 3424 959 3501 promptu
982 3417 1085 3480 cernis
1109 3426 1282 3499 uastosque
1304 3432 1454 3487 recessus,
1564 3408 1629 3472 160

421 3590 553 3642 causina.
619 3594 666 3647 1sr
683 3594 910 3657 amarante.
943 3598 1136 3646 rumenam..
1203 3593 1383 3660 assuerim.
1416 3588 1628 3654 naroepusa.

421 3665 494 3715 Inter
503 3670 644 3734 certasti,
677 3670 899 3738 licetpscaliper.
931 3674 1060 3736 legatae.
1094 3674 1224 3734 densaque
1236 3671 1261 3738 β.
1295 3668 1407 3735 11011οβ.
1473 3668 1520 3717 139
1537 3668 1629 3728 procul

420 3742 501 3827 orep:
518 3748 623 3793 uastum
639 3749 668 3795 ia
678 3751 785 3808 marytre.
835 3749 1002 3799 ruinastEd.
1052 3750 1142 3799 ruinae
1156 3750 1182 3813 (i.
1191 3764 1211 3797 e.
1223 3748 1299 3797 ruina
1312 3749 1417 3807 .5.)a0›.
1467 3743 1553 3792 minas
1567 3744 1626 3806 (ie.

418 3819 527 3882 rumast)
540 3819 565 3883 β.
632 3820 680 3869 140
697 3823 846 3892 ερα1ἱοεαβ.
883 3826 1079 3889 spatioqueaa.
1137 3827 1184 3873 141
1196 3825 1325 3873 demersas
1336 3821 1441 3883 penitus
1453 3818 1478 3885 β.
1513 3819 1629 3869 demissa

417 3893 587 3953 pedibusue.
630 3896 742 3947 latebras
754 3898 779 3966 β.
829 3901 1000 3952 latebrisaa.
1051 3901 1175 3951 demersis
1186 3899 1290 3962 ponitus
1302 3897 1398 3946 sedisse
1410 3895 1515 3945 latebris
1529 3898 1627 3945 Wems-

418 3968 478 4033 dors
491 3973 554 4035 ooqr'.
621 3974 668 4023 142
686 3989 856 4036 cperumaa.
892 3978 944 4027 aeri
957 3976 982 4044 β.
1016 3977 1098 4027 effluit
1108 3978 1178 4027 intra
1190 3994 1239 4026 aa.
1268 3972 1501 4034 mflmtmtratf.
1537 3972 1628 4034 effugit

416 4046 485 4097 ultra
497 4045 522 4113 β.
554 4050 620 4099 Ac.
638 4066 712 4099 seems
731 4054 778 4100 lost
796 4054 860 4103 here.
961 4053 1006 4103 145
1024 4052 1144 4103 abstrahe
1160 4050 1272 4118 αβγεῐ.
1305 4051 1391 4098 asbus
1404 4048 1437 4098 ς.
1532 4049 1579 4099 147
1596 4048 1627 4095 in

416 4124 517 4174 incluso
529 4125 554 4193 β
581 4125 726 4197 ininoluspa
744 4146 770 4178 a.
804 4127 989 4181 ininciusisa.
1092 4130 1139 4178 148
1155 4129 1198 4178 hic
1214 4129 1297 4190 plura,
1309 4128 1364 4175 Ed.
1397 4124 1624 4191 hocpluraasse.

416 4210 629 4272 haecplurats‘.
720 4213 767 4262 150
782 4211 939 4275 rigidosas.
973 4214 1044 4263 riuos
1057 4215 1083 4280 β.
1172 4214 1218 4262 151
1236 4212 1388 4260 flammam
1398 4208 1484 4277 11111β
1519 4209 1626 4257 flamma

417 4288 535 4337 cerrita
568 4288 676 4339 flamma
694 4288 815 4339 11611118.
865 4290 1088 4356 flammauritqr.
1138 4288 1244 4338 flamma
1263 4286 1423 4347 auertitgs'.
1473 4298 1525 4346 qua
1542 4285 1624 4352 βζς.

417 4360 545 4429 ᾳιιῗιζαγε.
599 4366 840 4429 152quauisaae.
873 4365 1072 4433 quaecausap?
1104 4366 1304 4414 massaestEd.
1333 4361 1519 4425 caussaestfl?
1547 4375 1625 4411 causa

417 4441 519 4488 eatae.
619 4443 666 4492 153
682 4442 786 4493 hiantes
798 4442 824 4511 β
856 4440 945 4492 hiatus
956 4459 999 4509 γε.
1032 4443 1107 4492 hiatu
1119 4459 1172 4491 aa».
1270 4442 1317 4490 155
1335 4440 1416 4489 solido
1434 4438 1458 4487 si
1477 4440 1556 4487 staret
1572 4436 1623 4504 (ιβ.

418 4514 514 4563 solidos
533 4513 695 4582 insterotqe.
745 4518 890 4581 solidosque
909 4520 1019 4569 instaret
1030 4519 1053 4571 8.
1097 4518 1228 4580 solidoque
1245 4514 1421 4575 instaretsss'.
1470 4512 1583 4562 inomni
1595 4514 1622 4578 β.

418 4591 518 4640 inomni
529 4610 555 4642 a.
599 4590 708 4643 immani
719 4594 742 4645 8.
786 4594 861 4646 inani
876 4615 904 4645 ω.
1004 4597 1051 4647 157
1068 4592 1333 4645 confertaimmobilis
1345 4592 1370 4657 β.
1415 4590 1513 4639 confert
1529 4590 1621 4640 immo·

417 4668 478 4719 bilis
495 4687 521 4719 a.
554 4669 689 4719 confertim
708 4671 811 4721 mobilis
828 4672 894 4739 γδε.
928 4673 1065 4723 confestim
1083 4670 1252 4732 mobilists'.
1352 4669 1399 4718 158
1416 4681 1576 4718 concrescere
1594 4669 1619 4733 β.

419 4747 569 4798 concredere
580 4746 631 4798 ας
632 4784 638 4796 .
672 4749 822 4810 congredere
833 4768 861 4799 ω.
941 4752 988 4802 159
1005 4747 1134 4815 11111111β.
1179 4748 1353 4797 summistae.
1388 4758 1432 4794 ora
1445 4743 1470 4810 β.
1506 4745 1621 4797 oriaaa.
