3809 5650
975 789 978 794 Ι
1023 697 1047 758 4

517 839 553 903 hi
572 839 690 924 Tityon
712 860 817 924 poena
840 846 984 904 strauere
1007 838 1043 902 in
1066 838 1178 922 iugera
1199 837 1331 903 foedum

506 941 743 1022 '†sollicitant†
766 943 815 1006 illi
840 950 874 1007 te
898 943 1026 1019 circum,
1051 942 1196 1019 Tantale,
1219 965 1318 1027 poma

518 1045 756 1130 sollicitamque
779 1044 853 1110 siti:
881 1044 996 1122 Minos,
1018 1054 1149 1129 tuaque,
1172 1046 1288 1122 Aeaee,
1312 1046 1349 1111 in
1370 1047 1494 1110 umbris

518 1147 590 1211 iura
612 1143 733 1212 'canunt
756 1147 907 1232 idemque
933 1155 1042 1211 rotant
1066 1147 1189 1232 Isionis
1212 1148 1331 1212 orbem

517 1249 669 1334 quicquid
694 1258 728 1314 et
751 1251 886 1314 interius
909 1248 982 1313 falsi
1006 1249 1067 1312 sibi
1090 1247 1216 1312 conscia
1238 1256 1340 1312 terret

1712 1222 1716 1439 t

479 1429 482 1434 ἱ
518 1472 578 1515 nec
601 1459 647 1522 tu,
672 1460 767 1528 terra,
792 1453 888 1517 satis:
915 1452 1122 1534 speculantur
1144 1453 1280 1515 numina
1302 1451 1414 1516 divum
1597 1457 1637 1535 85
1713 1456 1715 1477 ¹

516 1575 577 1618 nec
595 1563 748 1619 metuunt
773 1556 880 1618 oculos
905 1554 1009 1617 alieno
1033 1555 1205 1619 admittere
1228 1556 1326 1619 caelo.

517 1665 638 1720 norunt
660 1657 753 1732 bella,
769 1655 875 1732 deum,
900 1663 1021 1719 norunt
1044 1656 1230 1720 abscondita
1252 1657 1345 1720 nobis

518 1755 667 1838 coniugia
692 1762 725 1818 et
749 1755 831 1818 falsa
854 1756 1004 1839 quotiens
1028 1757 1088 1821 sub
1112 1758 1253 1842 imagine
1276 1767 1395 1842 peccet,

515 1866 629 1922 taurus
652 1860 686 1922 in
710 1860 871 1944 Europen,
896 1862 930 1924 in
954 1861 1097 1926 Laedam
1120 1863 1275 1927 candidus
1298 1864 1365 1928 ales

516 1961 673 2046 Iuppiter,
697 1970 736 2026 ut
759 1963 893 2027 Danaae
916 1965 1075 2048 pretiosus
1098 1965 1230 2029 fluxerit
1253 1966 1367 2031 imber.

515 2061 626 2127 debita
648 2064 842 2129 carminibus
865 2066 998 2130 libertas
1021 2066 1105 2146 ista;
1130 2068 1186 2131 sed
1210 2068 1315 2132 omnis

516 2163 551 2227 in
574 2186 651 2229 uero
674 2165 755 2228 mihi
778 2187 871 2229 cura:
896 2189 1011 2230 canam
1034 2191 1100 2253 quo
1122 2169 1247 2234 feruida
1271 2178 1362 2233 motu

516 2274 643 2331 aestuet
665 2266 775 2331 Aetna
797 2289 962 2351 nouosque
986 2290 1085 2353 rapax
1109 2270 1171 2334 sibi
1194 2280 1345 2355 congerat
1367 2271 1464 2355 ignes.

600 2389 804 2452 quacumque
828 2368 994 2432 inmensus
1018 2391 1052 2433 se
1075 2378 1181 2434 terrae
1203 2373 1339 2457 porrigit
1360 2373 1446 2436 orbis

516 2471 716 2555 extremique
739 2471 836 2534 maris
860 2472 967 2535 curuis
989 2473 1165 2557 incingitur
1186 2474 1291 2550 undis,

515 2596 580 2637 non
603 2582 710 2639 totum
734 2583 767 2639 et
791 2573 981 2654 solidumst3
1001 2574 1081 2640 defit
1102 2599 1244 2661 namque
1268 2577 1372 2641 omnis
1395 2577 1499 2656 hiatu,

515 2689 601 2745 secta
623 2690 672 2746 cst
694 2682 797 2747 omnis
819 2683 938 2747 humus
960 2683 1156 2768 penitusque
1178 2691 1294 2747 cauata
1316 2683 1449 2746 latebris

513 2785 611 2851 exiles
633 2809 787 2873 suspensa
807 2787 878 2852 uias
901 2787 989 2871 agit;
1012 2795 1113 2872 utque
1137 2787 1298 2852 animanti

512 2909 571 2970 per
592 2896 662 2952 tota
684 2897 825 2952 errantes
846 2894 1039 2971 percurrunt
1060 2909 1191 2971 corpora
1211 2910 1315 2952 uenae

513 2988 555 3051 ad
576 2989 688 3065 uitam,
713 2990 843 3074 sanguis
865 2990 969 3053 omnis
991 3011 1057 3074 qua
1078 2998 1238 3053 commeat
1260 2991 1355 3067 idern,

509 3097 595 3153 terra
616 3092 823 3175 uoraginibus
845 3099 1015 3176 conceptas
1038 3092 1157 3176 digerit
1178 3115 1280 3158 auras

436 3242 441 3251 .
512 3192 632 3256 scilicet
654 3202 711 3257 aut
733 3194 810 3258 olim
833 3194 936 3258 diuiso
960 3216 1089 3279 corpore
1110 3195 1225 3258 mundi

511 3295 546 3358 in
567 3295 670 3359 maria
691 3319 728 3360 ac
750 3306 851 3361 terras
874 3305 907 3361 et
929 3297 1043 3373 sidera,
1066 3318 1132 3361 sors
1154 3298 1232 3362 data
1252 3299 1339 3361 caelo

510 3395 621 3481 prima
645 3407 755 3463 secuta
775 3400 881 3476 maria,
905 3397 1095 3483 deseditque
1118 3399 1230 3461 infima
1250 3399 1357 3474 tellus,
1460 3440 1464 3445 ·

510 3495 566 3561 sed
586 3499 681 3564 tortis
702 3500 820 3565 rimosa
839 3501 926 3565 cauis
937 3525 945 3581 ;
967 3508 1001 3566 et
1023 3501 1127 3585 qualis
1149 3524 1282 3565 aceruus

510 3601 601 3665 exilit
624 3602 789 3687 inparibus
811 3604 903 3668 iactis
926 3626 966 3667 ex
987 3612 1134 3689 ternpore
1156 3604 1249 3681 saxis,

507 3712 546 3765 ut
568 3705 677 3769 crebro
699 3706 855 3770 introrsus
877 3708 981 3792 spatio
1004 3716 1142 3773 uacuata
1165 3707 1334 3794 charybdis

507 3805 649 3889 pendeat
670 3808 705 3870 in
727 3831 804 3886 sese,
829 3811 926 3875 simili
949 3835 1078 3898 quoque
1099 3821 1187 3878 terra
1208 3814 1312 3897 figura
1334 3819 1383 3874 est

419 4032 474 4079 Ed.
507 4046 593 4082 rarum
605 4051 656 4085 ac.
740 4042 771 4090 77
787 4039 972 4093 uideruntao.
1005 4042 1152 4092 tuioernnt.
1239 4037 1371 4090 sonita.
1437 4039 1468 4088 81
1484 4039 1625 4100 pomaEd.

419 4122 502 4171 poena
513 4127 565 4159 ac.
647 4114 678 4160 82
696 4128 821 4177 aeaccea.
896 4118 929 4167 s4
945 4118 995 4166 sibi
1007 4116 1192 4178 consciust?
1195 4151 1201 4165 .
1233 4113 1438 4180 consortiaptr.
1471 4115 1551 4163 terret
1562 4115 1625 4162 Ed:

421 4194 642 4241 auisherelost.
675 4194 836 4244 terrentes.
881 4194 1015 4254 terrasss'.
1113 4198 1145 4245 85
1162 4196 1337 4244 Nectuterra
1353 4210 1378 4242 c.
1412 4192 1466 4241 Nec
1477 4188 1621 4240 utterrat.

420 4268 658 4335 Haecutneraps.
691 4270 751 4319 Non
761 4272 900 4331 atterrat.
936 4272 995 4320 Non
1006 4274 1045 4321 est
1056 4274 1124 4321 terra
1133 4271 1159 4321 5
1159 4306 1166 4321 .
1233 4272 1264 4321 86
1280 4272 1384 4320 metunt
1395 4290 1421 4322 a.
1488 4272 1520 4319 88
1535 4270 1623 4330 peccet

418 4345 474 4390 Ed.
506 4346 674 4404 peccantum.
756 4348 788 4397 90
804 4363 896 4411 omps.
938 4347 1021 4395 danae
1032 4365 1058 4397 a.
1140 4349 1172 4397 93
1190 4347 1322 4397 aethnaa.
1366 4360 1370 4367 ·
1405 4344 1623 4406 oenengium

417 4420 505 4467 Aldus.
539 4419 588 4468 hac
598 4421 678 4482 igitur
689 4422 712 4471 δ.
746 4422 789 4472 bio
806 4423 942 4488 agitnryr.
977 4423 1116 4485 agitabitur
1126 4424 1148 4483 ζ.
1181 4422 1336 4485 agitaturab
1347 4422 1404 4476 5⁶„
1470 4423 1502 4472 96
1519 4423 1545 4469 et
1562 4420 1620 4469 soli-

417 4492 570 4543 dumstEd.
604 4498 629 4544 et
641 4498 723 4547 solido
734 4516 760 4549 a.
805 4503 831 4548 et
843 4500 955 4549 solidum
966 4518 994 4549 υ.
1039 4499 1192 4560 ᾱοῆτῑοοη
1203 4500 1237 4550 5.
1278 4499 1450 4562 desuntapr.
1484 4496 1580 4544 desinit
1597 4493 1620 4542 t.

416 4571 448 4623 or
465 4568 518 4631 agit
534 4570 660 4630 utques'.
705 4575 817 4637 aarum:
835 4575 895 4626 as.
940 4575 1156 4642 auinqueyse.
1240 4577 1288 4624 roo
1304 4571 1517 4637 ammeatrts‘·
1562 4585 1621 4620 eum

415 4648 521 4697 meatu.
555 4645 708 4698 comeattr.
810 4653 856 4701 105
873 4653 948 4720 tortis
960 4671 986 4703 a.
1020 4652 1121 4701 totiso.
1204 4653 1251 4704 107
1268 4649 1405 4720 crebrera.
1438 4650 1548 4698 uacuatss
1570 4646 1617 4707 ἴς·

415 4730 597 4779 nacataotac.
624 4730 739 4797 οπιγδε.
769 4733 936 4786 charibdin.
968 4734 1081 4800 aare
1115 4734 1312 4798 corymbosts'.
1362 4733 1618 4795 losfiguraestna.
