3809 5650
1064 639 1191 703 18·

566 825 594 894 si
615 826 745 907 lenitur,
769 848 850 914 opus
874 832 993 892 restet:
1014 824 1119 911 magis
1139 823 1246 890 uritur
1270 821 1337 891 illic

566 932 780 1018 sollicitatque
803 932 906 1016 magis
928 929 1038 994 uicina
1059 929 1209 993 incendia
1232 951 1346 994 saxum

565 1043 716 1121 certaque
737 1044 895 1100 uenturae
916 1032 1099 1119 praemittit
1120 1032 1256 1118 pignora
1276 1032 1434 1100 flammae.

564 1159 640 1201 nam
662 1136 879 1222 simulatque
901 1142 1013 1201 mouet
1034 1135 1114 1201 uiris
1135 1136 1331 1220 turbamque
1353 1136 1497 1202 minatus

564 1343 694 1430 diffugit
716 1344 941 1430 extemploque
964 1344 1069 1407 solum
1090 1343 1192 1408 trahit
1213 1341 1343 1428 ictaque
1364 1341 1514 1427 immid

564 1458 598 1514 et
621 1471 719 1534 graue
744 1449 804 1513 sub
829 1455 915 1512 terra
936 1470 1084 1511 murmur
1105 1446 1304 1510 demonstrat
1326 1453 1360 1510 et
1381 1447 1480 1532 ignes.

562 1559 635 1616 tum
656 1551 814 1636 pauidum
835 1550 945 1635 fugere
967 1559 1002 1614 et
1025 1549 1121 1613 sacris
1143 1549 1315 1613 concedere
1337 1550 1434 1614 rebus

561 1677 621 1740 par
644 1655 723 1719 erit:
745 1676 763 1718 e
786 1661 858 1718 tuto
881 1652 1095 1737 speculaberis
1118 1652 1228 1716 omnia
1249 1651 1333 1716 colli.

482 1737 487 1750 ’
562 1779 639 1822 nam
661 1757 768 1820 subito
790 1754 949 1821 efferuent
971 1755 1126 1821 honerosa
1147 1754 1297 1818 incendia
1317 1754 1435 1839 raptis:

561 1881 711 1924 accensae
734 1859 874 1923 subeunt
896 1858 997 1922 moles
1020 1864 1218 1943 truncaeque
1239 1859 1352 1923 ruinae

560 1962 757 2047 prouoluunt
779 1970 878 2048 atque
899 1969 971 2026 atra
993 1970 1109 2026 sonant
1131 1961 1280 2026 examina
1302 1963 1450 2029 harenae.

560 2065 649 2128 illinc
670 2066 812 2130 incertae
833 2064 929 2128 facies
951 2064 1185 2149 hominumque
1206 2063 1348 2149 figurae:

559 2189 633 2253 pars
654 2166 800 2252 lapidum
821 2167 986 2243 domitast
1009 2167 1127 2230 stantis
1148 2189 1222 2251 pars
1244 2167 1357 2231 robore
1379 2188 1517 2252 pugnae,
1616 2185 1684 2251 470

558 2293 619 2337 nec
640 2271 755 2355 recipit
775 2271 923 2335 flammas
944 2270 1006 2346 hic,
1030 2269 1083 2334 hic
1103 2270 1245 2334 defessus
1267 2270 1418 2351 anhelat3

558 2382 660 2458 utque
682 2373 787 2458 aperit
808 2395 842 2437 se
864 2372 975 2449 hostis,
998 2371 1153 2436 decrescit
1175 2372 1309 2457 spiritus
1332 2371 1418 2436 illic:

559 2475 647 2539 haud
669 2475 763 2540 aliter
785 2497 883 2560 quam
905 2497 979 2539 cum
1002 2474 1087 2540 laeto
1111 2475 1240 2539 de‘uicta
1260 2485 1393 2561 tropaeo

557 2600 659 2664 prona
679 2578 763 2644 iacet
785 2579 907 2666 campis
929 2579 1013 2644 acies
1035 2588 1069 2644 et
1091 2587 1195 2643 caetra
1217 2579 1277 2643 sub
1299 2579 1376 2663 ipsa.

557 2689 629 2746 tum
651 2683 678 2746 si
700 2683 772 2767 quis
794 2683 939 2767 lapidum
961 2704 1087 2748 summo
1109 2681 1274 2766 pertabuit
1296 2681 1373 2765 igni,

556 2785 696 2871 asperior
717 2785 847 2871 species
872 2793 905 2851 et
928 2783 1089 2871 quaedam
1111 2783 1239 2849 sordida
1260 2784 1334 2849 faex
1356 2791 1407 2850 est

557 2888 686 2971 qualem
708 2897 845 2971 purgato
867 2909 981 2951 cernas
1004 2886 1150 2955 desidere
1172 2887 1263 2953 ferro.

555 3012 671 3055 uerum
692 2991 750 3054 ubi
771 2991 930 3076 paulatim
953 2991 1069 3056 exiluit
1090 2992 1218 3056 sublata
1238 2991 1367 3057 caducis

556 3093 718 3179 congeries
740 3095 832 3171 saxia,
856 3103 994 3180 angusto
1016 3095 1141 3161 uertice
1163 3104 1309 3180 surgunt.

556 3196 601 3260 sic
622 3198 715 3261 uelut
737 3197 770 3260 in
793 3198 919 3263 fornace
940 3199 1023 3285 lapis
1044 3207 1185 3264 torretur
1206 3207 1240 3265 et
1263 3200 1368 3271 omnis

554 3301 687 3359 exustus
708 3296 839 3379 penitus
861 3296 953 3359 uenis
976 3296 1065 3361 subit
1086 3296 1184 3360 altius
1205 3295 1341 3362 humor:

554 3392 678 3486 amissis
704 3399 819 3484 opibus
843 3400 925 3463 leuis
949 3407 984 3465 et
1007 3400 1077 3464 sine
1101 3402 1242 3486 pondere
1264 3423 1386 3486 pumex

552 3502 732 3568 excutitur:
753 3502 859 3588 liquor
879 3504 935 3568 ille
958 3504 1061 3589 magis
1084 3505 1209 3569 feruere
1232 3505 1400 3591 magisque

551 3604 695 3671 fluminis
718 3607 753 3670 in
776 3608 916 3693 speciem
940 3608 1031 3673 mitis
1055 3609 1226 3694 procedere
1249 3609 1385 3674 tandem

461 3778 465 3789 ι
550 3705 665 3792 incipit
689 3718 722 3773 et
747 3712 854 3795 pronis
878 3713 1025 3781 demittit
1049 3713 1183 3778 collibus
1208 3714 1322 3779 undas.
1450 3708 1453 3713 ¹

551 3807 625 3873 illae
650 3811 808 3894 paulatim
832 3814 882 3878 bis
905 3838 984 3880 sena
1006 3816 1042 3879 in
1065 3817 1157 3881 milia
1180 3826 1340 3902 pergunt;

466 4017 631 4085 faciequeu.
696 4019 834 4082 ratequet.
901 4028 970 4075 scete
981 4023 1016 4088 qd
1025 4043 1052 4092 γ.
1117 4027 1187 4076 factu
1202 4026 1270 4089 quod
1288 4024 1342 4087 ξς.
1471 4027 1521 4077 458
1537 4028 1658 4080 niriturc.
1699 3997 1700 4038 l

461 4098 628 4150 4611ιὶ1νὶ477ὴ
694 4098 762 4148 curis
774 4118 801 4148 ω.
867 4102 982 4151 minatus
995 4121 1021 4152 α.
1086 4103 1205 4153 minutus
1216 4123 1243 4153 ω.
1311 4106 1364 4153 One
1378 4119 1407 4153 or
1420 4109 1657 4155 mmevaaarelosr.

460 4177 509 4227 462
526 4177 692 4239 exemploque
704 4194 730 4227 ο..
828 4176 876 4227 463
894 4178 968 4229 omd.
1065 4181 1114 4231 465
1131 4180 1259 4231 Poterit:
1278 4182 1428 4243 eScoliqer.
1461 4182 1553 4231 Parere
1567 4185 1592 4232 et
1606 4201 1655 4233 eo.

460 4252 583 4313 00117ζέ.
652 4253 789 4304 collisus.
887 4254 1100 4306 mortuomari
1115 4259 1194 4308 buta.
1294 4257 1344 4309 470
1360 4257 1491 4316 domitant,
1505 4258 1655 4309 stuntisEd.

460 4330 558 4379 domita
569 4330 649 4381 stanti
661 4348 688 4383 c.
721 4331 811 4381 robore
822 4332 877 4379 Ed.
911 4331 1039 4382 roboreo.
1121 4332 1169 4384 471
1186 4332 1278 4395 recipit
1289 4352 1316 4383 ω.
1350 4334 1454 4396 rapite„
1487 4332 1589 4395 hichie
1603 4339 1654 4389 Ed.

458 4404 582 4458 hincce.
618 4407 775 4473 nechincq.
809 4406 1021 4468 monshinots'.
1072 4407 1187 4458 defessus
1198 4429 1225 4459 ω.
1259 4411 1381 4460 defensus
1392 4428 1418 4461 u.
1516 4411 1563 4463 472
1578 4413 1654 4476 thue

460 4484 587 4532 Gorallur.
621 4483 705 4546 Atque
725 4503 775 4535 cu.
875 4485 923 4535 473
941 4484 1064 4546 trophoeo
1083 4503 1110 4535 a.
1208 4487 1257 4538 476
1274 4488 1372 4550 speeies
1391 4489 1443 4536 Ed.
1477 4487 1583 4550 sopitues
1599 4490 1652 4539 ας.

457 4559 542 4621 sopita
554 4559 670 4624 estqbe.
704 4560 798 4612 faexa.
833 4563 915 4612 laxo.
948 4562 988 4610 fas
1004 4580 1047 4627 γε.
1145 4563 1194 4615 477
1210 4579 1300 4614 cernas
1309 4568 1363 4616 Ed.
1397 4579 1546 4615 comesne.
1576 4568 1652 4616 cernis

457 4638 574 4687 editione.
641 4635 819 4689 desiderent.
886 4639 1025 4706 ᾱοεοίᾶέγ.
1092 4638 1221 4690 discedere
1240 4639 1293 4701 15.
1426 4642 1476 4691 480
1492 4642 1570 4691 ueluti
1587 4646 1650 4709 αγζ.

456 4716 504 4765 483
521 4714 782 4777 teruemascaliyer.
827 4730 930 4766 seruare
941 4736 969 4766 ω.
1099 4718 1147 4766 485
1164 4718 1254 4780 pronis
1265 4721 1320 4771 Ed.
1364 4721 1456 4781 prunis
1468 4738 1493 4770 u.
1532 4721 1613 4782 primis
1624 4742 1649 4776 e.
