3809 5650
1009 623 1052 688 42

423 767 475 846 την
487 767 542 850 γάρ
554 770 605 828 τοῦ
617 765 746 832 Λάδωνος
759 765 878 844 Δάφνην
896 769 954 828 ἐκεῖ
968 769 1128 845 μεταφῦναι
1143 765 1262 848 λέγουσι
1278 764 1325 826 καὶ
1337 762 1465 842 πσταμός
1477 761 1572 827 αὐτοῖς
1583 764 1640 841 ῥεῖ

424 859 523 922 Λάδων
536 859 583 920 καὶ
597 858 686 937 φυτόν
699 864 814 938 τιμᾶται
826 861 891 938 παρ’
910 859 1004 924 αύτσῖς
1017 859 1133 937 δάφνης,
1148 863 1232 919 τοῦτο
1249 858 1281 918 δὲ
1292 857 1326 918 τδ
1338 857 1401 917 ἀντὶ
1413 860 1466 933 τῆς
1478 857 1636 932 παρθένου.

425 953 597 1030 κυπαρίττων
609 979 640 1013 τε
652 951 710 1032 ύψη
723 952 855 1034 ἀμήχανα
868 953 1034 1031 περιέστηκε
1048 955 1140 1032 κύκλῳ
1153 950 1187 1013 τδ
1201 952 1275 1030 ἶερδν
1288 951 1335 1011 καὶ
1347 948 1440 1031 πηγάς
1453 948 1600 1009 ἐκδίδωσιν
1617 945 1639 1008 ά

423 1050 515 1126 χοῖρος
527 1045 669 1126 α’φθάνους
681 1072 712 1107 τε
726 1047 772 1106 καὶ
785 1044 952 1124 ἠρεμούσας,
968 1046 1013 1110 αἶς
1029 1046 1079 1120 τδν
1090 1044 1226 1106 Ἀπόλλω
1244 1043 1320 1122 φασὶ
1331 1043 1486 1121 ῥαίνεσθαι.
1509 1040 1638 1102 ἐνταῦθα

421 1141 592 1217 κυπαρίττου
604 1166 633 1200 τι
646 1140 722 1218 ἔρνος
735 1137 754 1217 ἤ
767 1142 806 1221 γῆ
826 1137 995 1200 άναδέδωκεν
1012 1139 1059 1199 ἐπὶ
1079 1139 1248 1217 Κυπαρίττῳ
1267 1137 1358 1213 φασὶν
1371 1135 1474 1215 ε’φήβῳ
1485 1134 1640 1213 Ἀσσυρίῳ

426 1234 472 1292 καὶ
485 1236 635 1294 πιστοῦται
649 1233 701 1310 τὴν
716 1231 920 1310 μεταβολήνῆ
943 1231 1001 1310 ὥρα
1020 1235 1071 1291 τοῦ
1090 1235 1188 1308 φυτοῦ.
1230 1233 1312 1290 Thus
1329 1231 1449 1307 Apollo,
1471 1229 1551 1298 ‘Qui
1567 1249 1644 1286 rore

425 1347 501 1404 puro
515 1326 660 1386 Castaliae
675 1328 752 1386 lavit
769 1327 873 1386 Orines
890 1325 1025 1396 solutos’,
1039 1327 1066 1384 is
1082 1327 1170 1385 orado
1189 1333 1221 1384 to
1240 1324 1331 1383 bathe
1348 1323 1433 1382 them
1451 1323 1485 1380 in
1499 1323 1553 1380 the
1567 1321 1642 1379 Cas

425 1422 499 1480 talia
512 1423 546 1480 of
556 1422 685 1498 Daphne
691 1441 701 1495 3
726 1421 771 1478 for
785 1421 817 1478 in
832 1439 850 1476 a
863 1439 991 1496 passage,
1007 1420 1041 1478 of
1050 1419 1148 1477 which
1164 1419 1182 1476 I
1197 1419 1261 1477 will
1273 1417 1425 1495 presently
1439 1421 1530 1491 quote
1544 1434 1642 1484 more,
1712 1476 1713 1487 η

426 1516 568 1574 Soaomen
581 1535 647 1591 says
662 1515 821 1573 ἐπιστεύετο
835 1511 963 1587 δὲ...ῥεῖν
979 1511 1079 1572 αύτόθι
1095 1513 1144 1572 καὶ
1160 1511 1232 1588 ὕδωρ
1247 1508 1380 1588 μαντικόν
1397 1507 1453 1569 όπδ
1468 1507 1645 1570 Κασταλίας

425 1610 476 1684 τῆς
494 1609 595 1686 πηγῆς,
612 1604 714 1682 ὁμοίως
732 1607 784 1680 τῆς
803 1608 832 1663 ἐν
852 1607 981 1680 Δελφοῖς
994 1605 1131 1686 ἐνεργείας
1149 1630 1182 1666 τε
1202 1604 1249 1664 καὶ
1267 1601 1464 1683 προσηγορίας
1479 1603 1641 1680 λαχούσης.

425 1703 501 1761 And
513 1702 566 1760 the
584 1707 668 1776 story
682 1700 717 1756 of
732 1697 906 1774 Cyparissus
919 1718 981 1756 was
998 1699 1206 1776 transplanted
1224 1700 1259 1756 in
1276 1699 1331 1756 the
1348 1716 1428 1755 same
1443 1717 1509 1772 way
1522 1716 1556 1753 as
1568 1695 1645 1753 that

426 1795 460 1852 of
476 1792 605 1870 Daphne
611 1813 621 1866 ;
646 1793 700 1850 the
721 1811 871 1868 cypressos
891 1791 959 1850 that
976 1792 1156 1870 symbolised
1173 1792 1238 1850 him
1259 1791 1349 1867 being
1368 1809 1401 1847 so
1421 1790 1503 1866 large
1522 1789 1583 1847 and
1605 1809 1642 1846 so

425 1883 539 1944 famous
553 1885 621 1942 that
635 1884 687 1944 the
700 1885 771 1943 eodo
784 1885 818 1943 of
825 1884 983 1944 Justiuian
997 1905 1071 1944 even
1085 1884 1223 1962 speoially
1238 1889 1338 1942 enaots
1352 1881 1425 1958 they
1439 1881 1517 1942 shall
1530 1888 1586 1939 not
1599 1883 1643 1940 be

426 1985 478 2037 out
485 1979 573 2036 down
586 1998 620 2036 or
633 1979 705 2036 sold.
748 1977 1106 2051 Sozomon‚hist.eooleav
1117 1979 1164 2051 19,
1178 1978 1257 2036 aster
1273 1975 1440 2051 describing
1453 1975 1506 2032 tho
1519 1973 1642 2032 oharms

425 2073 460 2130 of
477 2070 613 2150 Daphne,
635 2071 718 2130 those
739 2091 886 2148 cypressos
907 2071 967 2129 and
991 2072 1071 2130 their
1094 2071 1218 2128 rooilike
1238 2069 1339 2136 shade,
1359 2068 1413 2126 tho
1436 2068 1561 2141 floreis,
1582 2069 1641 2126 the

426 2172 541 2234 waters,
555 2185 623 2243 goes
643 2185 682 2223 011
699 2170 732 2221 to
748 2183 800 2239 say
814 2163 931 2223 ἐνταῦθα
949 2162 981 2220 δὲ
999 2162 1094 2226 παῖδες
1107 2161 1253 2238 Ἑλλήνων
1271 2161 1426 2238 μυθεύουσι
1446 2157 1567 2236 Δάφνην
1584 2159 1643 2235 τὴν

425 2257 554 2321 Λάδωνος
572 2261 622 2317 τοῦ
638 2259 776 2333 ποταμοῦ,
792 2254 824 2325 ἐξ
841 2253 991 2331 Ἀρκαδίας
1010 2255 1173 2337 φεύγουσαν
1192 2254 1362 2315 Ἀπόλλωνα
1379 2251 1431 2312 τδν
1448 2253 1579 2330 ἐραστήν,
1599 2256 1641 2316 εἷς

426 2348 572 2428 ὁμόνομον
594 2349 684 2426 φυτόν
708 2346 795 2424 αὐτὴν
818 2348 1001 2425 μεταβαλεῖν·
1031 2347 1082 2409 τδν
1103 2349 1134 2408 δὲ
1156 2349 1228 2426 μηδὲ
1252 2347 1337 2410 οὕτως
1360 2345 1564 2428 άπαλλαγέντα
1583 2351 1640 2406 τοῦ

426 2442 532 2507 πάθους
549 2443 764 2520 στεφανωθῆναι
781 2445 840 2506 τοῖς
860 2441 974 2506 κλάδοις
985 2445 1035 2518 τῆς
1054 2442 1190 2519 ἐρωμένης
1205 2442 1252 2502 καὶ
1270 2441 1382 2519 δένδρον
1403 2439 1493 2502 οῦσαν
1504 2440 1641 2518 περιπτύ-

425 2537 530 2608 ξασθαι
543 2539 590 2598 καὶ
602 2542 639 2618 τῇ
651 2537 805 2618 προσεδρίᾳ
816 2536 852 2598 ταὶ
865 2537 993 2615 μάλιστα
1008 2541 1128 2615 τιμῆσαι
1140 2536 1173 2597 τό
1185 2538 1296 2616 χωρίον,
1307 2538 1383 2616 εἴπερ
1393 2563 1422 2597 τι
1434 2535 1509 2596 άλλο
1524 2560 1641 2617 κεχαρι-

426 2632 531 2710 σμένον
544 2634 624 2712 αὓτηῖ.
667 2633 860 2711 chrysostom
870 2631 903 2690 in
916 2633 963 2690 his
976 2632 1089 2708 homily
1102 2652 1142 2690 on
1157 2631 1203 2689 St.
1217 2631 1347 2708 Babylas
1359 2631 1522 2690 discoursos
1534 2631 1570 2688 in
1582 2633 1640 2691 the

426 2747 506 2786 same
526 2728 629 2799 strain,
643 2728 701 2786 vol.
712 2728 832 2786 115563
845 2725 896 2802 ’τὴν
914 2724 1034 2802 Δάφνην
1052 2725 1137 2802 κόρην
1154 2721 1242 2784 οὖσάν
1263 2730 1338 2801 φησι
1357 2723 1404 2783 καὶ
1423 2723 1564 2804 θυγατέρα
1583 2730 1640 2785 τοῦ
1712 2720 1713 2743 ’

425 2816 846 2898 Αάδωναςποταμοῦ...ταύτην
874 2815 923 2878 οῦν
948 2815 1002 2893 τὴν
1030 2815 1116 2894 κόρην
1136 2814 1279 2895 εὔμορφον
1299 2815 1389 2879 οὖσαν
1409 2816 1475 2878 ἰδεῖν
1495 2819 1567 2879 ποτὲ
1585 2818 1640 2881 τόν

425 2910 559 2971 Ἀπόλλω
573 2912 649 2987 φασί
655 2934 662 2971 :
683 2912 743 2971 and
753 2912 825 2969 then
837 2912 889 2969 the
897 2917 980 2987 story
989 2912 1023 2969 of
1033 2912 1085 2970 the
1095 2912 1181 2971 ohase
1189 2914 1249 2971 and
1260 2913 1520 2989 metamorphosis:
1540 2911 1591 2974 τόν
1604 2914 1638 2974 δὲ

425 3000 585 3063 άκόλαστσν
604 3003 724 3080 ε’ραστὴν
741 3000 917 3081 άπστυχύντα
935 3006 990 3063 τῶν
1003 3002 1137 3063 παιδικόν
1154 3004 1362 3082 περιπλακῆναί
1372 3030 1403 3063 τε
1419 3007 1458 3083 τῷ
1470 3003 1573 3084 δένδρῳ
1588 3009 1639 3069 καὶ

426 3096 624 3157 οἰκειώσασθαι
638 3096 683 3155 καὶ
696 3095 729 3156 ro*
743 3093 832 3172 φυτδν
840 3096 886 3155 καὶ
893 3094 941 3156 τόν
955 3094 1051 3168 τόπον,
1063 3097 1111 3156 καὶ
1118 3096 1312 3176 προσεδρεύειν
1321 3102 1360 3177 τῷ
1368 3100 1459 3179 χωρίῳ
1467 3098 1570 3160 λοιπόν
1585 3101 1637 3161 καὶ

425 3192 509 3249 τοῦτο
522 3190 616 3266 πάσης
635 3194 685 3265 τῆς
698 3192 751 3269 γῆς
763 3187 891 3265 μάλιστα
904 3187 1084 3260 α’σπάζεσθαι
1097 3191 1145 3249 καὶ
1157 3194 1263 3268 φιλεῖν·
1292 3192 1428 3253 κελεῦσαί
1438 3218 1470 3252 τε
1482 3192 1532 3254 τόν
1544 3194 1637 3270 βασι-

313 3284 315 3289 ’
360 3316 362 3320 ’
426 3284 544 3345 λεύοντα
559 3282 624 3356 τότε
636 3281 705 3345 νειδν
720 3282 793 3360 αύτῷ
808 3281 958 3359 δείμασθαι
974 3283 1021 3341 καὶ
1033 3282 1141 3360 βωμόνζ
1170 3286 1299 3344 Nolanus
1314 3286 1470 3359 therefore,
1486 3289 1633 3361 xnn387,

425 3399 495 3456 may
516 3378 583 3437 well
603 3398 654 3455 say
676 3374 735 3436 Καὶ
762 3374 884 3457 θυγάτηρ
908 3374 1038 3439 Λάδωνος
1064 3375 1225 3454 άειδσμένου
1247 3381 1396 3454 ποταμοῖο,
1417 3376 1511 3459 Ἔργα
1536 3379 1637 3460 γάμων

426 3472 594 3555 στυγέουσα,
603 3470 687 3550 δέμας
697 3469 871 3549 δενδρύσατο
879 3468 977 3548 νύμφη
985 3494 992 3531 :
1013 3489 1116 3529 xxxm
1127 3472 1185 3531 210
1194 3472 1283 3532 Εἶπεν
1292 3470 1481 3548 άνυμφεύτοισ
1488 3472 1636 3552 ποδηνεμσ

424 3566 546 3647 γούνατα
558 3566 676 3644 νύμφης,
687 3566 829 3631 Πῶςπατὲ
837 3567 947 3643 Φοῖβον
961 3566 1068 3647 ἔφευγε,
1080 3564 1358 3645 Βορηίδισύνδρομος
1367 3564 1446 3645 αὔρῃ,
1461 3570 1530 3629 Hos
1543 3565 1638 3646 διερδν

425 3660 503 3736 παραὶ
520 3663 612 3737 χεῦμα
631 3659 821 3736 τιταινομέναυ
841 3662 980 3737 ποταμοῖο
1000 3658 1159 3737 Παρθένιον
1179 3658 1254 3719 πόδα
1274 3659 1347 3735 πῆξε
1365 3658 1432 3737 παρ’
1454 3661 1637 3739 εύρυρέεθρον

424 3746 567 3825 Ὀρόντην,
577 3750 706 3810 Ὄππατε
718 3754 787 3831 γαῖα
796 3756 923 3829 χανοῦσα
933 3751 998 3830 παρ’
1009 3751 1123 3828 εύύδρου
1136 3751 1231 3829 στόμα
1241 3752 1342 3829 λίμνης
1355 3753 1451 3812 Παῖδα
1464 3752 1636 3830 διωκομένην

425 3840 577 3917 οἶκτίρμσνι
595 3840 692 3909 δέξατο
706 3841 809 3921 κόλπῳ.
853 3845 1000 3903 Scholiast
1017 3851 1050 3903 to
1066 3846 1243 3921 Lyoophron
1265 3846 1283 3905 6
1304 3844 1403 3905 Λάδων
1422 3844 1438 3905 ό
1457 3846 1635 3929 ε’νἊρκαδίᾳ

424 3931 551 4009 ποταμδς
561 3935 597 4011 τῇ
609 3936 648 4013 γῇ
662 3932 864 4013 συγγενόμενος
875 3935 1006 4015 ἐγέννησε
1019 3935 1106 3994 παῖδα
1119 3934 1234 4013 όνόματι
1244 3936 1365 4013 Δάφνην
1378 3962 1403 3999 κ.
1409 3942 1467 3998 τ.λ.
1503 3942 1543 3999 So
1554 3961 1635 4000 oom-

423 4028 534 4106 pletely
540 4046 608 4086 now
616 4027 675 4086 had
684 4027 736 4085 tho
747 4027 892 4103 daughter
902 4030 936 4087 of
943 4029 1046 4087 Iadon
1056 4031 1235 4107 supplanted
1245 4031 1297 4089 the
1308 4032 1454 4108 daughter
1463 4034 1498 4091 of
1503 4034 1631 4109 Peneus,

423 4121 491 4181 that
501 4122 671 4193 Pausanias,
681 4119 723 4181 xl
738 4122 764 4203 8,
775 4140 830 4179 can
839 4140 890 4198 say
900 4120 1007 4197 δάφνης
1017 4120 1047 4181 δὲ
1057 4121 1198 4197 στέφανος
1208 4122 1254 4181 ἐπὶ
1264 4128 1319 4184 τῶν
1329 4124 1443 4186 Πυθίων
1453 4129 1489 4205 τῇ
1499 4126 1561 4206 νίκη
1571 4127 1633 4187 κατ’

423 4211 498 4273 ἄλλο
518 4215 571 4290 μὲν
593 4211 655 4291 ἐμοὶ
675 4211 766 4274 δοκεῖν
784 4212 861 4273 ἐστὶν
881 4211 967 4289 οὐδέν,
982 4213 1027 4274 ὅτι
1042 4214 1072 4274 δὲ
1088 4218 1140 4291 τῆς
1160 4214 1289 4279 Λάδωνος
1309 4216 1446 4297 θυγατρδς
1460 4218 1632 4279 Ἀπόλλωνα

423 4306 576 4383 ἐρασθῆναι
590 4303 793 4387 κατέσχηκενὴ
808 4304 897 4383 φήμη.
941 4308 1009 4367 Nor
1020 4329 1081 4369 was
1095 4310 1147 4369 she
1160 4311 1217 4369 less
1226 4311 1338 4369 known
1349 4318 1381 4370 to
1395 4313 1485 4371 Latin
1496 4314 1628 4373 writers:

423 4398 633 4479 sersusvag.
641 4401 692 4459 aa.
700 4418 739 4458 111
749 4400 787 4459 oa
811 4400 942 4461 ‘samus
961 4407 992 4460 a
1011 4402 1160 4480 Daphnen
1181 4405 1312 4463 aaronis
1327 4406 1460 4465 sumno
1480 4393 1628 4467 Arenae

422 4492 514 4550 filiam
529 4492 667 4551 dilectam
680 4494 718 4552 ab
732 4494 874 4571 Apolline
889 4501 920 4555 et
933 4496 1042 4555 Terrae
1058 4497 1247 4557 miseratione
1261 4499 1294 4557 in
1308 4499 1426 4557 lauram
1439 4518 1627 4564 conversam:

421 4586 461 4645 id.
470 4585 545 4643 Aen.
553 4587 646 4645 11'513
659 4586 807 4663 ‘Daphne
822 4589 885 4649 filia
900 4590 1030 4649 Ladonis
1047 4590 1134 4649 iluuii
1147 4592 1295 4651 Arcadiae
1312 4597 1344 4651 et
1357 4593 1464 4651 Terrae
1478 4594 1539 4651 fuit
1556 4601 1624 4656 oet:

421 4680 492 4742 ibid
504 4680 562 4739 680
576 4680 614 4739 he
626 4679 695 4739 tells
708 4680 761 4738 the
775 4685 857 4758 story
871 4684 905 4741 of
916 4682 1096 4761 pranssm,
1111 4684 1178 4744 how
1192 4685 1314 4745 ‘relicta
1327 4686 1416 4745 Orela
1428 4686 1468 4745 ad
1482 4687 1625 4747 Orontem
