3809 5650
1027 687 1046 732 2

528 855 719 900 auersumue
743 832 853 896 dieml
883 851 1072 914 sparsumue
1094 829 1130 892 in
1151 828 1275 893 semina
1296 829 1451 896 denteml

527 936 600 1021 quis
621 957 686 999 non
707 933 855 1019 periurae
878 930 982 995 doluit
1003 928 1174 993 mendacia
1195 930 1322 1014 puppis,

527 1037 688 1101 desertam
709 1056 811 1098 uacuo
834 1031 980 1096 Minoida
1001 1031 1095 1094 litore
1117 1034 1272 1114 questusl

526 1136 682 1223 quicquid
706 1138 741 1200 in
764 1135 879 1219 antiqu

876 1259 933 1300 um
955 1236 1076 1300 iactata
1097 1243 1146 1298 est
1168 1234 1279 1297 fabula
1300 1255 1437 1298 carmen.

528 1342 643 1407 fortius
665 1343 792 1426 ignotas
813 1340 966 1404 molimur
987 1347 1117 1423 pectore
1139 1359 1250 1400 curas:

527 1444 586 1529 qui
607 1452 701 1509 tanto
723 1451 830 1507 motus
853 1441 950 1525 operi,
973 1462 1056 1525 quae
1078 1447 1172 1504 tanta
1193 1437 1328 1524 perenni

532 1650 671 1733 explicet
693 1648 729 1709 in
750 1646 888 1709 densum
909 1643 1056 1707 flammas
1078 1651 1113 1707 et
1134 1643 1246 1707 trudat
1267 1645 1309 1708 ab
1331 1643 1396 1706 imo

528 1750 654 1834 ingenti
675 1749 784 1813 sonitu
805 1748 905 1812 moles
929 1754 963 1811 et
984 1747 1131 1831 proxima
1152 1769 1301 1831 quaeque

529 1853 657 1937 ignibus
679 1852 806 1936 irriguis
829 1858 911 1930 urat,
933 1871 1026 1913 mens
1047 1850 1197 1914 carminis
1219 1850 1298 1913 haec
1321 1857 1380 1914 est.

614 1955 771 2040 principio
793 1977 835 2018 ne
858 1957 956 2039 quem
978 1953 1083 2042 capiat
1105 1954 1232 2018 fallacia
1253 1961 1378 2028 uatum,

528 2059 617 2124 sedes
640 2081 707 2123 esse
730 2058 782 2123 dei
805 2057 1003 2142 tumidisque
1026 2079 1044 2121 e
1066 2058 1212 2121 faucibus
1233 2057 1343 2142 ignem

528 2161 667 2225 Vulcani
689 2183 783 2225 ruere
805 2169 839 2225 et
862 2161 979 2225 clausis
1001 2183 1149 2225 resonare
1172 2160 1318 2224 cauernis

529 2263 714 2329 festinantis
737 2286 827 2349 opus.
864 2287 930 2328 non
953 2272 1003 2326 est
1024 2272 1094 2327 tam
1116 2263 1244 2327 sordida
1265 2261 1350 2327 diuis

530 2389 613 2443 cura,
636 2390 742 2452 neque
765 2376 924 2432 extremas
945 2367 997 2431 ius
1019 2377 1069 2432 est
1091 2367 1263 2430 demittere
1286 2367 1321 2430 in
1343 2375 1428 2431 artes

529 2471 653 2534 sidera:
686 2471 843 2536 subducto
866 2477 1003 2555 regnant
1025 2469 1178 2534 sublimia
1199 2470 1287 2533 caelo

530 2573 586 2637 illa
606 2595 712 2658 neque
735 2574 896 2638 artificum
918 2580 1034 2638 curant
1055 2580 1195 2636 tractare
1216 2572 1370 2636 laborem.

530 2675 690 2760 discrepat
712 2699 732 2740 a
753 2677 858 2764 prima
879 2675 976 2740 facies
997 2676 1078 2739 haec
1099 2675 1202 2738 altera
1224 2682 1359 2737 uatum:

531 2777 594 2841 illis
617 2777 773 2863 Cyclopas
795 2787 976 2844 memorant
998 2777 1181 2841 fornacibus
1203 2797 1285 2852 usos,

530 2902 605 2942 cum
627 2901 723 2963 super
744 2880 895 2942 incudem
918 2900 1089 2941 numerosa
1109 2878 1145 2939 in
1167 2879 1302 2940 uerbera
1322 2876 1421 2940 fortes
1526 2893 1531 2902 ’

530 2980 724 3043 horrendum
746 3001 863 3063 magno
887 2987 1060 3063 quaterent
1082 2980 1143 3042 sub
1163 2980 1305 3063 pondere
1326 2980 1460 3056 fulmen,

530 3091 757 3166 armarentque
780 3082 912 3145 Iouem:
935 3090 1031 3166 turpe
1054 3090 1088 3145 et
1110 3082 1179 3145 sine
1200 3082 1333 3167 pignore
1356 3104 1492 3145 carmen.

616 3184 763 3266 proxima
784 3183 914 3247 uiuaces
936 3183 1077 3246 Aetnaei
1099 3182 1230 3247 uerticis
1252 3183 1343 3267 ignes

531 3283 632 3366 impia
654 3282 805 3347 sollicitat
827 3284 1013 3367 Phlegraeis
1035 3284 1146 3347 fabula
1167 3285 1286 3349 castris.

530 3393 741 3469 temptauere,
765 3386 863 3461 nefas,
886 3386 965 3449 olim
988 3385 1159 3449 detrudere
1181 3386 1302 3449 mundo

532 3488 635 3552 sidera
657 3487 841 3573 captiuique
864 3488 952 3552 Iouis
973 3488 1146 3553 transferre
1167 3489 1315 3575 gigantes

532 3593 704 3677 imperium
726 3600 759 3656 et
780 3592 868 3655 uicto
889 3592 977 3677 leges
997 3592 1153 3681 inponere
1175 3593 1269 3656 caelo.

532 3694 583 3756 his
604 3701 721 3756 natura
743 3715 801 3756 sua
823 3701 872 3757 est
894 3696 968 3759 aluo
989 3703 1103 3759 tenus:
1129 3694 1195 3757 ima
1216 3716 1275 3779 per
1296 3694 1388 3757 orbes

532 3816 704 3877 squameus
727 3794 862 3859 intortos
885 3798 994 3861 sinuat
1015 3798 1154 3881 uestigia
1176 3818 1315 3881 serpens
1354 3854 1359 3866 ,
1465 3821 1468 3829 ·

534 3898 730 3960 construitur
750 3900 876 3983 magnis
898 3900 938 3963 ad
961 3902 1082 3985 proelia
1104 3901 1269 3964 montibus
1291 3919 1407 3982 agger:

532 4000 645 4064 Pelion
667 4000 748 4065 Ossa
769 4009 892 4087 grauat,
918 4025 1063 4067 summus
1087 4003 1205 4088 premit
1228 4003 1331 4067 Ossan
1353 4000 1519 4087 Olympus.

532 4100 598 4168 iam
622 4111 822 4169 coaceruatas
845 4104 996 4169 nituntur
1020 4103 1172 4171 scandere
1194 4102 1314 4184 moles3
1606 4113 1650 4180 50

447 4322 479 4369 20
495 4321 692 4375 Auersumuea.
732 4324 946 4375 Aduersumuee.
990 4325 1091 4375 semina
1102 4326 1225 4386 Scaliger.
1265 4324 1433 4374 seminece.
1542 4322 1574 4369 28
1591 4322 1614 4369 tr
1630 4336 1649 4368 a

440 4398 725 4461 sramnentoftwoeu.
791 4403 822 4451 25
835 4402 941 4463 Quint.
971 4401 1035 4461 Quis
1046 4420 1074 4451 υ.
1091 4403 1165 4451 tanta
1175 4400 1283 4463 perenni
1294 4418 1346 4450 uo.
1374 4396 1645 4462 oausaperennists'.

447 4473 727 4536 Aar'sloctoftertt.
875 4480 906 4527 33
917 4470 1106 4536 dimitterent.
1188 4476 1356 4525 &subducto
1367 4493 1414 4541 (ιγ.
1473 4473 1645 4525 resumes.

447 4562 479 4609 38
495 4560 639 4621 ὶοήοεζέ.
675 4551 793 4629 toirtesp.
827 4565 989 4616 fontesute.
1051 4567 1084 4615 ³9
1101 4565 1200 4614 tulmen
1210 4583 1236 4615 ο.
1273 4564 1371 4613 flumen
1382 4582 1407 4614 u.
1472 4563 1506 4610 4o
1522 4563 1645 4612 etJaeob.

340 4640 344 4645 ¹
447 4652 487 4700 est
504 4667 556 4701 αο.
655 4650 686 4699 41
703 4637 807 4702 uiudces
827 4672 851 4705 a
900 4654 1004 4705 aethnei
1019 4672 1043 4705 a
1143 4654 1176 4701 42
1192 4653 1309 4717 flegraois
1326 4671 1351 4704 α.
1450 4651 1482 4701 47
1498 4651 1643 4701 intortam

447 4727 559 4779 intortus
570 4744 596 4779 ο.
682 4728 917 4783 49P010niorsae.
963 4735 1053 4796 greum
1063 4734 1141 4783 Jacob
1152 4732 1215 4794 conj.
1248 4733 1378 4781 mantue.
1418 4727 1479 4777 terit
1491 4726 1517 4778 ς
1517 4762 1524 4778 .
1574 4728 1645 4778 olim-
